@ARTICLE{Gopinath:2006,
   AUTHOR  = {Ashwini Vittal Gopinath, Dale Russell,},
   TITLE   = {An Inexpensive Field-Portable Programmable Potentiostat},  
   YEAR    = {2006},
   JOURNAL = Chemistry Educator,
   PAGES   = {28-23}
}

